@article{brownlees2016srisk,
  title={SRISK: A conditional capital shortfall measure of systemic risk},
  author={Brownlees, Christian and Engle, Robert F},
  journal={The Review of Financial Studies},
  volume={30},
  number={1},
  pages={48--79},
  year={2016},
  publisher={Oxford University Press}
}

@article{acharya2017measuring,
  title={Measuring systemic risk},
  author={Acharya, Viral V and Pedersen, Lasse H and Philippon, Thomas and Richardson, Matthew},
  journal={The Review of Financial Studies},
  volume={30},
  number={1},
  pages={2--47},
  year={2017},
  publisher={Oxford University Press}
}

@article{adrian2016covar,
  title={CoVaR},
  author={Adrian, Tobias and Brunnermeier, Markus K},
  journal={The American Economic Review},
  volume={106},
  number={7},
  pages={1705--1741},
  year={2016},
  publisher={American Economic Association}
}

@article{hawkesby2007,
  title={Comovements in the equity prices of large complex financial institutions},
  author={Hawkesby, Christian and Marsh, Ian and Stevens, Ibhrahim},
  journal={Journal of Financial Intermediation},
  volume=2,
  issue=4,
  pages={391-411},
  year={2007}
}

@article{gropp2009,
  title={Cross-border bank contagion in Europe},
  author={Gropp, Reint and lo Duca, Marco and Vesala, Jukka},
  journal={International Journal of Central Banking},
  pages={97--139},
  year={2009}
}

@article{boss2004empirical,
  title={An empirical analysis of the network structure of the Austrian interbank market},
  author={Boss, Michael and Elsinger, Helmut and Summer, Martin and Thurner, Stefan and others},
  journal={Oesterreichesche Nationalbank’s Financial stability Report},
  volume={7},
  pages={77--87},
  year={2004}
}
@article{craigvonpeter2014,
  title={Interbank tiering and money center banks},
  author={Craig, Ben and von Peter, Goetz },
  journal={Journal of Financial Intermediation},
  volume=23,
  issue={3},
  pages={322-347},
  year={2014}
}
@article{vanLelyveld2006,
  title={Interbank Contagion in the Dutch Banking Secgtor: A Sensitivity Analysis},
  author={van Lelyved, Iman and Liedorp, Franka},
  journal={International Journal of Central Banking},
  volume=2,
  pages={99-133},
  year={2006}
}

@article{drehmann2013,
  title={Measuring the systemic importance of interconnected banks},
  author={Drehmann, Mathias and Tarashev, Nikola},
  journal={Journal of Financial Intermediation},
  volume=22,
  pages={586-607},
  year={2013}
}

@article{elsinger2006riskb,
  title={Using market information for banking system risk assessment},
  author={Elsinger, Helmut and Lehar, Alfred and Summer, Martin},
  journal={International Journal of Central Banking},
  volume=2,
  pages={137-165},
  year={2006}
}
@article{elsinger2006riska,
  title={Risk assessment for banking systems},
  author={Elsinger, Helmut and Lehar, Alfred and Summer, Martin},
  journal={Management science},
  volume={52},
  number={9},
  pages={1301--1314},
  year={2006},
  publisher={INFORMS}
}

@article{upper2004estimating,
  title={Estimating bilateral exposures in the German interbank market: Is there a danger of contagion?},
  author={Upper, Christian and Worms, Andreas},
  journal={European Economic Review},
  volume={48},
  number={4},
  pages={827--849},
  year={2004},
  publisher={Elsevier}
}

@article{freixas2000systemic,
  title={Systemic risk, interbank relations, and liquidity provision by the central bank},
  author={Freixas, Xavier and Parigi, Bruno M and Rochet, Jean-Charles},
  journal={Journal of money, credit and banking},
  pages={611--638},
  year={2000},
  publisher={JSTOR}
}

@article{allen2000financial,
  title={Financial contagion},
  author={Allen, Franklin and Gale, Douglas},
  journal={Journal of political economy},
  volume={108},
  number={1},
  pages={1--33},
  year={2000},
  publisher={The University of Chicago Press}
}

@misc{kmv_methods,
  title={Credit Risk Modeling of Public Firms: EDF9},
  author={Nazeran, Pooya and Dwyer, Douglas},
  year={2015},
  publisher={Moody's Analytics}
}

@article{upper2011survey,
  title={Simulation methods to assess the danger of contagion in interbank markets},
  author={Upper, Christian},
  journal={Journal of Financial Stability},
  volume={7},
  pages={111--125},
  year={2011},
  publisher={Elsevier}
}

@article{glassermanSurvey2016,
  title={Contagion in Financial Networks},
  author={Glasserman, Paul and Young, H Peyton},
  journal={Journal of Economic Literature},
  volume={54},
  issue={3},
  pages={779--831},
  year={2016},
  publisher={Elsevier}
}

@article{glasserman2015likely,
  title={How likely is contagion in financial networks?},
  author={Glasserman, Paul and Young, H Peyton},
  journal={Journal of Banking \& Finance},
  volume={50},
  pages={383--399},
  year={2015},
  publisher={Elsevier}
}

@article{eisenberg2001systemic,
  title={Systemic risk in financial systems},
  author={Eisenberg, Larry and Noe, Thomas H},
  journal={Management Science},
  volume={47},
  number={2},
  pages={236--249},
  year={2001},
  publisher={INFORMS}
}

@article{fleming2014failure,
  title={The Failure Resolution of Lehman Brothers},
  author={Fleming, Michael J and Sarkar, Asani},
  journal={Federal Reserve Bank of New York Economic Policy Review},
  volume={20},
  number={2},
  pages={175},
  year={2014},
  publisher={Federal Reserve Bank of New York}
}

@article{acharya2007does,
  title={Does industry-wide distress affect defaulted firms? Evidence from creditor recoveries},
  author={Acharya, Viral V and Bharath, Sreedhar T and Srinivasan, Anand},
  journal={Journal of Financial Economics},
  volume={85},
  number={3},
  pages={787--821},
  year={2007},
  publisher={Elsevier}
}

@article{bruche2010recovery,
  title={Recovery rates, default probabilities, and the credit cycle},
  author={Bruche, Max and Gonz{\'a}lez-Aguado, Carlos},
  journal={Journal of Banking \& Finance},
  volume={34},
  number={4},
  pages={754--764},
  year={2010},
  publisher={Elsevier}
}

@misc{schuermann2004we,
  title={What Do We Know About Loss Given Default?” ch. 9 in David Shimko (ed.) Credit Risk: Models and Management},
  author={Schuermann, Til},
  year={2004},
  publisher={London, UK: Risk Books}
}

@article{yellen2013interconnectedness,
  title={Interconnectedness and systemic risk: Lessons from the financial crisis and policy implications},
  author={Yellen, Janet},
  journal={Board of Governors of the Federal Reserve System, Washington, DC},
  year={2013}
}

@article{Furfine2003,
 ISSN = {00222879, 15384616},
 URL = {http://www.jstor.org/stable/3649847},
 abstract = {This paper examines the degree to which the failure of one bank would cause the subsequent collapse of other banks. Using unique data on interbank payment flows, the magnitude of bilateral federal funds exposures is quantified. These exposures are used to simulate the impact of various failure scenarios, and the risk of contagion is found to be economically small.},
 author = {Craig H. Furfine},
 journal = {Journal of Money, Credit and Banking},
 number = {1},
 pages = {111-128},
 publisher = {[Wiley, Ohio State University Press]},
 title = {Interbank Exposures: Quantifying the Risk of Contagion},
 volume = {35},
 year = {2003}
}

@article{billio2012econometric,
  title={Econometric measures of connectedness and systemic risk in the finance and insurance sectors},
  author={Billio, Monica and Getmansky, Mila and Lo, Andrew W and Pelizzon, Loriana},
  journal={Journal of Financial Economics},
  volume={104},
  number={3},
  pages={535--559},
  year={2012},
  publisher={Elsevier}
}

